
@article{Reference1, 
	author = {Bradski, G.}, 
	citeulike-article-id = {2236121}, 
	journal = {Dr. Dobb's Journal of Software Tools}, 
	posted-at = {2008-01-15 19:21:54}, 
	priority = {4}, 
	title = {{The OpenCV Library}}, 
	Url = {http://opencv.org/},
	year = {2000} 
} 

@article{Reference4,
	Author = {Suzuki, S. and Abe, K},
	Journal = {CVGIP},
	Month = {1},
	Number = {1},
	Numpages = {14},
	Pages = {32--46},
	Title = {Topological Structural Analysis of Digitized Binary Images by Border Following},
	Volume = {30},
	Url = {http://download.aizhong365.net/xuebalib.com.17233.pdf},
	Year = {1985}}

@article{Reference3,
	Author = {Ethan, Rublee and Vincent, Rabaud and Kurt, Konolige and Gary, Bradski },
	Journal = {Proc. of the IEEE Intl. Conf. on Computer Vision (ICCV)},
	Title = {ORB: An efficient alternative to SIFT or SURF},
	Volume = {13},
	Url = {http://www.willowgarage.com/sites/default/files/orb_final.pdf},
	Year = {2011}}

@book{Reference2,
	author = {Gonzalez, Rafael C. and Woods, Richard E.},
	title = {Digital Image Processing (3rd Edition)},
	year = {2006},
	isbn = {013168728X},
	publisher = {Prentice-Hall, Inc.},
	address = {Upper Saddle River, NJ, USA},
} 





@article{Reference15,
	author = { N. S.   Altman },
	title = {An Introduction to Kernel and Nearest-Neighbor Nonparametric Regression},
	journal = {The American Statistician},
	volume = {46},
	number = {3},
	pages = {175-185},
	year = {1992},
	doi = {10.1080/00031305.1992.10475879},
	URL = { 
	http://www.tandfonline.com/doi/abs/10.1080/00031305.1992.10475879
	
	},	
}




@inproceedings{Reference17,
	author = {Tomasi, C. and Manduchi, R.},
	title = {Bilateral Filtering for Gray and Color Images},
	booktitle = {Proceedings of the Sixth International Conference on Computer Vision},
	series = {ICCV '98},
	year = {1998},
	isbn = {81-7319-221-9},
	pages = {839--},
	url = {http://dl.acm.org/citation.cfm?id=938978.939190},
	acmid = {939190},
	publisher = {IEEE Computer Society},
	address = {Washington, DC, USA},
} 

@incollection{Reference16,
	author = {Mundy, Joseph L. and Zisserman, Andrew},
	chapter = {AppendixM : Projective Geometry for Machine Vision},
	title = {Geometric Invariance in Computer Vision},
	editor = {Mundy, Joseph L. and Zisserman, Andrew},
	year = {1992},
	isbn = {0-262-13285-0},
	pages = {463--519},
	numpages = {57},
	url = {http://dl.acm.org/citation.cfm?id=153634.153657},
	acmid = {153657},
	publisher = {MIT Press},
	address = {Cambridge, MA, USA},
} 


@book{Reference5,
	author = {Jain, Anil K.},
	title = {Fundamentals of Digital Image Processing},
	year = {1989},
	isbn = {0-13-336165-9},
	publisher = {Prentice-Hall, Inc.},
	address = {Upper Saddle River, NJ, USA},
} 
@INPROCEEDINGS{Reference6,
	author = {Chris Harris and Mike Stephens},
	title = {A combined corner and edge detector},
	booktitle = {In Proc. of Fourth Alvey Vision Conference},
	year = {1988},
	pages = {147--151}
}

@article{Reference7,
	author = {Canny, J},
	title = {A Computational Approach to Edge Detection},
	journal = {IEEE Trans. Pattern Anal. Mach. Intell.},
	issue_date = {June 1986},
	volume = {8},
	number = {6},
	month = jun,
	year = {1986},
	issn = {0162-8828},
	pages = {679--698},
	numpages = {20},
	url = {http://dx.doi.org/10.1109/TPAMI.1986.4767851},
	doi = {10.1109/TPAMI.1986.4767851},
	acmid = {11275},
	publisher = {IEEE Computer Society},
	address = {Washington, DC, USA},
	keywords = {Edge detection, feature extraction, image processing, machine vision, multiscale image analysis},
} 
	
@article{Reference8,
	author = {Lowe, David G.},
	title = {Distinctive Image Features from Scale-Invariant Keypoints},
	journal = {Int. J. Comput. Vision},
	issue_date = {November 2004},
	volume = {60},
	number = {2},
	month = nov,
	year = {2004},
	issn = {0920-5691},
	pages = {91--110},
	numpages = {20},
	url = {http://dx.doi.org/10.1023/B:VISI.0000029664.99615.94},
	doi = {10.1023/B:VISI.0000029664.99615.94},
	acmid = {996342},
	publisher = {Kluwer Academic Publishers},
	address = {Hingham, MA, USA},
	keywords = {image matching, invariant features, object recognition, scale invariance},
} 

@article{Reference9,
	author = {Bay, Herbert and Ess, Andreas and Tuytelaars, Tinne and Van Gool, Luc},
	title = {Speeded-Up Robust Features (SURF)},
	journal = {Comput. Vis. Image Underst.},
	issue_date = {June, 2008},
	volume = {110},
	number = {3},
	month = jun,
	year = {2008},
	issn = {1077-3142},
	pages = {346--359},
	numpages = {14},
	url = {http://dx.doi.org/10.1016/j.cviu.2007.09.014},
	doi = {10.1016/j.cviu.2007.09.014},
	acmid = {1370556},
	publisher = {Elsevier Science Inc.},
	address = {New York, NY, USA},
	keywords = {Camera calibration, Feature description, Interest points, Local features, Object recognition},
} 

@electronic{Reference10,
	added-at = {2012-10-18T13:07:31.000+0200},
	address = {http://homepages.inf.ed.ac.uk/rbf/HIPR2/morops.htm (zuletzt aufgerufen: 18.10.2012)},
	author = {Fisher, Robert and Perkins, Simon and Walker, Ashley and Wolfart, Erik},
	biburl = {http://www.bibsonomy.org/bibtex/2321a5e4171aecdf7089d4330fc904147/juku},
	interhash = {892915e8a6402728f379ab9cf7e77fb6},
	intrahash = {321a5e4171aecdf7089d4330fc904147},
	keywords = {maarb maarbused},
	timestamp = {2012-10-18T13:07:49.000+0200},
	title = {71 - Hypermedia Image Processing Reference (HIPR)},
	year = 1997
}

@article{Reference11,
	author = {Fischler, Martin A. and Bolles, Robert C.},
	title = {Random Sample Consensus: A Paradigm for Model Fitting with Applications to Image Analysis and Automated Cartography},
	journal = {Commun. ACM},
	issue_date = {June 1981},
	volume = {24},
	number = {6},
	month = jun,
	year = {1981},
	issn = {0001-0782},
	pages = {381--395},
	numpages = {15},
	url = {http://doi.acm.org/10.1145/358669.358692},
	doi = {10.1145/358669.358692},
	acmid = {358692},
	publisher = {ACM},
	address = {New York, NY, USA},
	keywords = {automated cartography, camera calibration, image matching, location determination, model fitting, scene analysis},
} 



@inproceedings{Reference12,
	author = {Rosten, Edward and Drummond, Tom},
	title = {Fusing Points and Lines for High Performance Tracking},
	booktitle = {Proceedings of the Tenth IEEE International Conference on Computer Vision - Volume 2},
	series = {ICCV '05},
	year = {2005},
	isbn = {0-7695-2334-X-02},
	pages = {1508--1515},
	numpages = {8},
	url = {http://dx.doi.org/10.1109/ICCV.2005.104},
	doi = {10.1109/ICCV.2005.104},
	acmid = {1097819},
	publisher = {IEEE Computer Society},
	address = {Washington, DC, USA},
} 

@inproceedings{Reference13,
	author = {Calonder, Michael and Lepetit, Vincent and Strecha, Christoph and Fua, Pascal},
	title = {BRIEF: Binary Robust Independent Elementary Features},
	booktitle = {Proceedings of the 11th European Conference on Computer Vision: Part IV},
	series = {ECCV'10},
	year = {2010},
	isbn = {3-642-15560-X, 978-3-642-15560-4},
	location = {Heraklion, Crete, Greece},
	pages = {778--792},
	numpages = {15},
	url = {http://dl.acm.org/citation.cfm?id=1888089.1888148},
	acmid = {1888148},
	publisher = {Springer-Verlag},
	address = {Berlin, Heidelberg},
} 

@article{Reference14,
	author = {Fletcher, Lloyd A. and Kasturi, Rangachar},
	title = {A Robust Algorithm for Text String Separation from Mixed Text/Graphics Images},
	journal = {IEEE Trans. Pattern Anal. Mach. Intell.},
	issue_date = {November 1988},
	volume = {10},
	number = {6},
	month = nov,
	year = {1988},
	issn = {0162-8828},
	pages = {910--918},
	numpages = {9},
	url = {http://dx.doi.org/10.1109/34.9112},
	doi = {10.1109/34.9112},
	acmid = {56929},
	publisher = {IEEE Computer Society},
	address = {Washington, DC, USA},
	keywords = {Hough transform, character recognition, computer graphics, computerised pattern recognition, computerised picture processing, computerized picture processing, document analysis, graphics recognition, mixed text/graphics images, text string separation, transforms},
} 

